<?xml version="1.0" encoding="UTF-8"?><collection xmlns="http://www.loc.gov/MARC21/slim"><record><leader>00581nam--2200145-i-4500</leader><controlfield tag="001">000032504</controlfield><controlfield tag="002">20161230</controlfield><controlfield tag="005">20161230201039</controlfield><controlfield tag="008">060222s1000------------r-----000-0-eng-d</controlfield><datafield ind1=" " ind2=" " tag="080"><subfield code="a">621.38.004.6</subfield></datafield><datafield ind1=" " ind2=" " tag="100"><subfield code="a">Mitran, I., Millea, N</subfield></datafield><datafield ind1=" " ind2=" " tag="245"><subfield code="a">Asupra eficientei economice a cercetarilor de fiabilitate la radioreceptoare si televizoare fabricate de uzinele `electronica` in perioada 1965-1968</subfield></datafield><datafield ind1=" " ind2=" " tag="260"><subfield code="a">Bucuresti, Cons.Nat.Al Inginerilor Si Tehnicienilor, 1969, 9p</subfield></datafield><datafield ind1=" " ind2=" " tag="490"><subfield code="a">A Doua Conferinta A Electricienilor, Viii. Sectia Fiabilitate, Securitate, Calitate</subfield></datafield><datafield ind1=" " ind2=" " tag="852"><subfield code="a">31725</subfield></datafield></record></collection>